@inproceedings{vader,
    author = {Hutto, C.J. and Gilbert, Eric},
    year = {2015},
    month = {01},
    pages = {},
    title = {VADER: A Parsimonious Rule-based Model for Sentiment Analysis of Social Media Text},
    journal = {Proceedings of the 8th International Conference on Weblogs and Social Media, ICWSM 2014}
}

@inproceedings{vader2,
  title={Vader: A parsimonious rule-based model for sentiment analysis of social media text},
  author={Hutto, Clayton J and Gilbert, Eric},
  booktitle={Eighth international AAAI conference on weblogs and social media},
  year={2014}
}
@book{Dipanjan:2016,
    author = {Dipanjan Sarkar},
    title = {Text Analysis with Python: A Practical Real-World Approach to Gaining Actionable Insights from Your Data},
    publisher = {Apress},
    year = {2016}
}

%
@INPROCEEDINGS{2013Weka, 
    author={K. R. Apala and M. Jose and S. Motnam and C. -. Chan and K. J. Liszka and F. de Gregorio}, 
    booktitle={2013 IEEE/ACM International Conference on Advances in Social Networks Analysis and Mining (ASONAM 2013)}, 
    title={Prediction of movies box office performance using social media}, 
    year={2013}, 
    volume={}, 
    number={}, 
    pages={1209-1214}, 
    keywords={data mining;pattern clustering;social networking (online);text analysis;movies box office performance prediction;social media;data mining tools;Web sources;decision factors;historical movie database;Twitter;sentiment analysis;YouTube viewer comments;hit class;neutral class;flop class;Weka k-means clustering tool;Motion pictures;YouTube;Predictive models;Media;Twitter;High definition video;Data mining;Sentiment analysis;Data mining;YouTube;Twitter;IMDb;Movie Trailer}, 
    doi={10.1145/2492517.2500232}, 
    ISSN={}, 
    month={Aug},
}

@inproceedings{VisualizationMovie,
  title={Analysis \& visualization on movie's popularity and reviews},
  author={Lee, Jaehoon and Noh, Giseop and Kim, Chong-kwon},
  booktitle={2014 International Conference on Big Data and Smart Computing (BIGCOMP)},
  pages={189--190},
  year={2014},
  organization={IEEE}
}

@INPROCEEDINGS{2014Influencesocialmedia, 
author={Shruti and S. D. Roy and W. Zeng}, 
booktitle={2014 IEEE International Conference on Multimedia and Expo Workshops (ICMEW)}, 
title={Influence of social media on performance of movies}, 
year={2014}, 
volume={}, 
number={}, 
pages={1-6}, 
keywords={consumer behaviour;entertainment;meta data;profitability;social networking (online);social media signals;consumer behavior;social multimedia sites;box-office;profitability;Twitter;Facebook;movie performance;Motion pictures;Media;Twitter;Facebook;Decision trees;YouTube;Accuracy;Movie performance;social media signals;classification}, 
doi={10.1109/ICMEW.2014.6890664}, 
ISSN={1945-7871}, 
month={July},}

@INPROCEEDINGS{2015DifferentFactors, 
author={A. Bhave and H. Kulkarni and V. Biramane and P. Kosamkar}, 
booktitle={2015 International Conference on Pervasive Computing (ICPC)}, 
title={Role of different factors in predicting movie success}, 
year={2015}, 
volume={}, 
number={}, 
pages={1-4}, 
keywords={entertainment;profitability;social networking (online);social media;movie industry;movie profitability;box office collections;average returns;predictive models;society;classical factors;social factors;user feedback;anticipation;movie success prediction;Motion pictures;Accuracy;Media;Predictive models;Social factors;Internet;YouTube;Box office;Forecasting;Gross income;Machine learning;Movie success;Movie;Predictive analytics}, 
doi={10.1109/PERVASIVE.2015.7087152}, 
ISSN={}, 
month={Jan},}

@INPROCEEDINGS{2015Crowd-Source, 
author={M. Ahmed and M. Jahangir and H. Afzal and A. Majeed and I. Siddiqi}, 
booktitle={2015 IEEE International Conference on Smart City/SocialCom/SustainCom (SmartCity)}, 
title={Using Crowd-Source Based Features from Social Media and Conventional Features to Predict the Movies Popularity}, 
year={2015}, 
volume={}, 
number={}, 
pages={273-278}, 
keywords={data mining;entertainment;learning (artificial intelligence);outsourcing;sentiment analysis;social networking (online);crowd-source based features;movie popularity prediction;movie success prediction;cast attribute;genre attribute;budget attribute;production house attribute;PG rating attribute;Twitter;YouTube;predictive analysis;machine learning algorithm;conventional features;movie database;social media features;text comments;tweets;sentiment analysis;Motion pictures;Media;Twitter;YouTube;Feature extraction;Linear regression;Sentiment analysis;Data Mining;Predictive Analysis;Classification;Regression}, 
doi={10.1109/SmartCity.2015.83}, 
ISSN={}, 
month={Dec},}

@INPROCEEDINGS{2016EmotionsIMDB, 
author={K. {Topal} and G. {Ozsoyoglu}}, 
booktitle={2016 IEEE/ACM International Conference on Advances in Social Networks Analysis and Mining (ASONAM)}, 
title={Movie review analysis: Emotion analysis of IMDb movie reviews}, 
year={2016}, 
volume={}, 
number={}, 
pages={1170-1176}, 
keywords={entertainment;sentiment analysis;emotion map patterns;emotion content;reviewer movie scores;Amazon;emotion analysis;IMDb movie reviews;movie review analysis;Motion pictures;Sensitivity;Databases;Heating;Color;Matrix decomposition;Image color analysis;Emotion Analysis;Sentiment Analysis;Dimension Reduction;Emotion Visualization}, 
doi={10.1109/ASONAM.2016.7752387}, 
ISSN={}, 
month={Aug},}

@INPROCEEDINGS{2016LSISVD, 
author={S. {Bansal} and C. {Gupta} and A. {Arora}}, 
booktitle={2016 Ninth International Conference on Contemporary Computing (IC3)}, 
title={User tweets based genre prediction and movie recommendation using LSI and SVD}, 
year={2016}, 
volume={}, 
number={}, 
pages={1-6}, 
keywords={entertainment;feature extraction;indexing;information filtering;Pareto analysis;recommender systems;singular value decomposition;social networking (online);text analysis;user tweets;movie genre prediction;LSI;SVD;social media;user centric context information;movie context aware recommendation;Twitter extracted movie tweets;tokenization;porter stemming;stop word removal;Word-Net dictionary;synonym matching;latent semantic indexing technique;singular value decomposition;IMDb movie genre categorization;euclidean distance;IMdb given movie data extraction;Pareto principle;information filtering;Motion pictures;Dictionaries;Databases;Large scale integration;Semantics;Data mining;Twitter;context aware recommendation;Latent Semantic Analysis(LSI);Movie recommendation;Movie genre prediction;Tweets;Twitter;SVD}, 
doi={10.1109/IC3.2016.7880220}, 
ISSN={}, 
month={Aug},}

@INPROCEEDINGS{2017MoviePredictionData, 
author={J. Ahmad and P. Duraisamy and A. Yousef and B. Buckles}, 
booktitle={2017 8th International Conference on Computing, Communication and Networking Technologies (ICCCNT)}, 
title={Movie success prediction using data mining}, 
year={2017}, 
volume={}, 
number={}, 
pages={1-4}, 
keywords={data mining;entertainment;movie success prediction;mathematical model;upcoming movies;movie release day;release location;target audience;movie industry;movie criteria;movie watchers;movies budget;lower weight;successful movies;high success movie;release time;data mining;Motion pictures;Data mining;Correlation;Mathematical model;Investment;Data models;Predictive models;movie success;data mining;movies;attributes}, 
doi={10.1109/ICCCNT.2017.8204173}, 
ISSN={}, 
month={July},},
}

@INPROCEEDINGS{2017PredictingMarketRevenue, 
author={S. Shim and M. Pourhomayoun}, 
booktitle={2017 IEEE International Conference on Information Reuse and Integration (IRI)}, 
title={Predicting Movie Market Revenue Using Social Media Data}, 
year={2017}, 
volume={}, 
number={}, 
pages={478-484}, 
keywords={application program interfaces;financial data processing;learning (artificial intelligence);social networking (online);predictive model;social media data;machine learning algorithms;Twitter data collection;movie market revenue prediction;Twitter API;Internet;social media networks;Motion pictures;Twitter;Predictive models;Feature extraction;Data models;Data mining;Twitter;Movie;Machine Learning;Predictive Model}, 
doi={10.1109/IRI.2017.68}, 
ISSN={}, 
month={Aug},}

@INPROCEEDINGS{2017MiningYouTubeTrailers, 
author={M. S. Rahim and A. Z. M. E. Chowdhury and M. A. Islam and M. R. Islam}, 
booktitle={2017 IEEE Region 10 Humanitarian Technology Conference (R10-HTC)}, 
title={Mining trailers data from youtube for predicting gross income of movies}, 
year={2017}, 
volume={}, 
number={}, 
pages={551-554}, 
keywords={data mining;entertainment;financial data processing;regression analysis;social networking (online);youtube;movie producers;dataset;prediction models;movies gross income;trailers data mining;movie trailers;video content sharing platform;linear regression;comparative analysis;teasers;Motion pictures;YouTube;Predictive models;Correlation;Data mining;Linear regression;Numerical models;predictive analytics;trailer;gross income;gross income prediction;movie;data mining algorithm;YouTube}, 
doi={10.1109/R10-HTC.2017.8289020}, 
ISSN={2572-7621}, 
month={Dec},}

@Inbook{El-Khair,
    author="El-Khair, Ibrahim Abu",
    editor="LIU, LING
    and {\"O}ZSU, M. TAMER",
    title="TF*IDF",
    bookTitle="Encyclopedia of Database Systems",
    year="2009",
    publisher="Springer US",
    address="Boston, MA",
    pages="3085--3086",
    isbn="978-0-387-39940-9",
    doi="10.1007/978-0-387-39940-9_956",
    url="https://doi.org/10.1007/978-0-387-39940-9_956"
}

@book{Indurkhya:2010,
    author = {Indurkhya, Nitin and Damerau, Fred J.},
    title = {Handbook of Natural Language Processing},
    year = {2010},
    isbn = {1420085921, 9781420085921},
    edition = {2nd},
    publisher = {Chapman \& Hall/CRC},
} 

@article{DEVIKA201644,
    title = "Sentiment Analysis: A Comparative Study on Different Approaches",
    journal = "Procedia Computer Science",
    volume = "87",
    pages = "44 - 49",
    year = "2016",
    note = "Fourth International Conference on Recent Trends in Computer Science & Engineering (ICRTCSE 2016)",
    issn = "1877-0509",
    doi = "https://doi.org/10.1016/j.procs.2016.05.124",
    url = "http://www.sciencedirect.com/science/article/pii/S187705091630463X",
    author = "M.D. Devika and C. Sunitha and Amal Ganesh",
    keywords = "Sentiments, Lexicons, Polarity",
    abstract = "Sentiment analysis (SA) is an intellectual process of extricating user's feelings and emotions. It is one of the pursued field of Natural Language Processing (NLP). The evolution of Internet based applications has steered massive amount of personalized reviews for various related information on the Web. These reviews exist in different forms like social Medias, blogs, Wiki or forum websites. Both travelers and customers find the information in these reviews to be beneficial for their understanding and planning processes. The boom of search engines like Yahoo and Google has flooded users with copious amount of relevant reviews about specific destinations, which is still beyond human comprehension. Sentiment Analysis poses as a powerful tool for users to extract the needful information, as well as to aggregate the collective sentiments of the reviews. Several methods have come to the limelight in recent years for accomplishing this task. In this paper we compare the various techniques used for Sentiment Analysis by analyzing various methodologies."
}

@article{He:2012,
    author = {He, Yulan},
    title = {Incorporating Sentiment Prior Knowledge for Weakly Supervised Sentiment Analysis},
    issue_date = {June 2012},
    volume = {11},
    number = {2},
    month = jun,
    year = {2012},
    issn = {1530-0226},
    pages = {4:1--4:19},
    articleno = {4},
    numpages = {19},
    url = {http://doi.acm.org/10.1145/2184436.2184437},
    doi = {10.1145/2184436.2184437},
    acmid = {2184437},
    publisher = {ACM},
    address = {New York, NY, USA},
    keywords = {Sentiment analysis, generalized expectation, latent Dirichlet allocation, weakly supervised sentiment classification},
} 

% Lexicons 
@MISC{afinn,
    author       = {F. Nielsen},
    title        = {AFINN Sentiment Lexicon},
    year         = {2011},
    month        = {May},
    publisher    = {Informatics and Mathematical Modelling, Technical University of Denmark},
    abstract     = {AFINN is a list of English words rated for valence with an integer between minus five (negative) and plus five (positive). The words have been manually labeled by Finn rup Nielsen in 2009-2011.},
    keywords     = {word list, sentiment analysis, opinion mining, text mining},
}

@article{anew,
    author    = {Finn {\AA}rup Nielsen},
    title     = {A new {ANEW:} Evaluation of a word list for sentiment analysis in
               microblogs},
    journal   = {CoRR},
    volume    = {abs/1103.2903},
    year      = {2011},
    url       = {http://arxiv.org/abs/1103.2903},
    archivePrefix = {arXiv},
    eprint    = {1103.2903},
    timestamp = {Mon, 13 Aug 2018 16:46:49 +0200},
    biburl    = {https://dblp.org/rec/bib/journals/corr/abs-1103-2903},
    bibsource = {dblp computer science bibliography, https://dblp.org}
}
 
@inproceedings{Jinda,
    author = {Jindal, Nitin and Liu, Bing},
    title = {Identifying Comparative Sentences in Text Documents},
    booktitle = {Proceedings of the 29th Annual International ACM SIGIR Conference on Research and Development in Information Retrieval},
    series = {SIGIR '06},
    year = {2006},
    isbn = {1-59593-369-7},
    location = {Seattle, Washington, USA},
    pages = {244--251},
    numpages = {8},
    url = {http://doi.acm.org/10.1145/1148170.1148215},
    doi = {10.1145/1148170.1148215},
    acmid = {1148215},
    publisher = {ACM},
    address = {New York, NY, USA},
    keywords = {comparative sentences, sentiment classification, text mining},
} 

@inproceedings{Wilson,
    author = {Wilson, Theresa and Wiebe, Janyce and Hoffmann, Paul},
    title = {Recognizing Contextual Polarity in Phrase-level Sentiment Analysis},
    booktitle = {Proceedings of the Conference on Human Language Technology and Empirical Methods in Natural Language Processing},
    series = {HLT '05},
    year = {2005},
    location = {Vancouver, British Columbia, Canada},
    pages = {347--354},
    numpages = {8},
    url = {https://doi.org/10.3115/1220575.1220619},
    doi = {10.3115/1220575.1220619},
    acmid = {1220619},
    publisher = {Association for Computational Linguistics},
    address = {Stroudsburg, PA, USA},
} 

@inproceedings{baccianella-sentiwordnet,
    title = "SentiWordNet 3.0: An Enhanced Lexical Resource for Sentiment Analysis and Opinion Mining",
    author = "Baccianella, Stefano  and
      Esuli, Andrea  and
      Sebastiani, Fabrizio",
    booktitle = "Proceedings of the Seventh conference on International Language Resources and Evaluation (LREC{'}10)",
    month = may,
    year = "2010",
    address = "Valletta, Malta",
    publisher = "European Languages Resources Association (ELRA)",
    url = "http://www.lrec-conf.org/proceedings/lrec2010/pdf/769_Paper.pdf",
}

@inproceedings{esuli-sentiwordnet,
    title = "SENTIWORDNET: A Publicly Available Lexical Resource for Opinion Mining",
    author = "Esuli, Andrea  and
      Sebastiani, Fabrizio",
    booktitle = "Proceedings of the Fifth International Conference on Language Resources and Evaluation (LREC{'}06)",
    month = may,
    year = "2006",
    address = "Genoa, Italy",
    publisher = "European Language Resources Association (ELRA)",
    url = "http://www.lrec-conf.org/proceedings/lrec2006/pdf/384_pdf.pdf",
}

@inproceedings{pattern,
    title = "A Pattern Dictionary for Natural Language Processing.",
    author = "Patrick Hanks, James Pustejovsky",
    year = "2005",
    address = "France",
    publisher = "Revue française de linguistique appliquée",
    url = " https://www.cairn.info/revue-revue-francaise-de-linguistique-appliquee-2005-2-page-63.htm",
}